@inproceedings{Mcelreath2015StatisticalRA,
  booktitle={Statistical Rethinking: A Bayesian Course with Examples in R and Stan},
  title={Statistical Rethinking: A Bayesian Course with Examples in R and Stan},
  author={Richard Mcelreath},
  year={2015}
}
@inproceedings{Gel2014BayesianDA,
  booktitle={Bayesian Data Analysis},
  title={Bayesian Data Analysis},
  author={Andrew Gelman},
  coauthors={John B. Carlin, Hal S. Stern, David B. Dunson, Aki Vehtari and, Donald B. Rubin.},
  year={2014}
}
@inproceedings{Gut2005ProbabilityAG,
  booktitle={Probability: A Graduate Course},
  title={Probability: A Graduate Course},
  author={Allan Gut},
  year={2005},
  url={https://api.semanticscholar.org/CorpusID:117844972}
}
@article{Box1973BayesianII,
  title={Bayesian inference in statistical analysis},
  author={G. E. P. Box and George C. Tiao},
  journal={International Statistical Review},
  year={1973},
  volume={43},
  pages={242},
  url={https://api.semanticscholar.org/CorpusID:122028907}
}
@inproceedings{Robert2007TheBC,
  booktitle={The Bayesian choice : from decision-theoretic foundations to computational implementation},
  title={The Bayesian choice : from decision-theoretic foundations to computational implementation},
  author={Christian P. Robert},
  year={2007},
  url={https://api.semanticscholar.org/CorpusID:50937448}
}
@article{Lindley1990The1W,
  booktitle={The 1988 Wald Memorial Lectures: The Present Position in Bayesian Statistics},
  title={The 1988 Wald Memorial Lectures: The Present Position in Bayesian Statistics},
  author={David Lindley},
  journal={Statistical Science},
  year={1990},
  volume={5},
  pages={44-65},
  url={https://api.semanticscholar.org/CorpusID:117797898}
}
@article{Pawitan2002InAL,
  title={In all likelihood : statistical modelling and inference using likelihood},
  author={Yudi Pawitan},
  journal={The Mathematical Gazette},
  year={2002},
  volume={86},
  pages={375-376},
  url={https://api.semanticscholar.org/CorpusID:117422783}
}

@article{Pirikahu2016BayesianMO,
  title={Bayesian methods of confidence interval construction for the population attributable risk from cross‚Äêsectional studies},
  author={Sarah Pirikahu and Geoffrey Jones and Martin L. Hazelton and Cord Heuer},
  journal={Statistics in Medicine},
  year={2016},
  volume={35},
  pages={3117 - 3130},
  url={https://api.semanticscholar.org/CorpusID:3497293}
}
